------ Referências no formato IEEE

@article{Hirst,
  title={What is the best programming environment/language for teaching robotics using Lego Mindstorms?},
  author={A. J. Hirst and J. Johnson and M. Petre and B. A. Price and M. Richards},
  journal={Artificial Life and Robotics},
  volume={7},
  number={3},
  pages={124--131},
  year={2003},
  publisher={Springer-Verlag},
}

@article{Eigner,
author={Takacs,A. and Eigner,G. and Kovacs,L. and Rudas, I. J. and Haidegger, T.},
year={2016},
title={Teacher's Kit: Development, Usability, and Communities of Modular Robotic Kits for Classroom Education},
journal={IEEE Robotics and Automation Magazine},
volume={23},
number={2},
pages={30-39},
note={Cited By :1},
language={English},
}

@inproceedings{Petersen,
  author        = {Petersen, Kai and Feldt, Robert and Mujtaba, Shahid and Mattsson, Michael},
  title         = {Systematic Mapping Studies in Software Engineering},  
  booktitle     = {Proceedings of the 12th International Conference on Evaluation and Assessment in Software Engineering},
  year          = {2008},
  paper         = {1},
  pages         = {68--77},
  volume={17},
  publisher={no 1. sn},
}

@incollection{Kitchenham,
  title={Guidelines for performing systematic literature reviews in software engineering},
  author={Kitchenham, B. and Charters, S },
  booktitle={Technical report, Ver. 2.3 EBSE Technical Report. EBSE},
  year={2007},
  publisher={sn},
}

@article{Bers,
title={Computational thinking and tinkering: Exploration of an early childhood robotics curriculum},
author={Bers, M. U.  and Flannery, L.  and Kazakoff, E. R.  and Sullivan, A},
journal={Computers \& Education},
volume={72},
pages={145 - 157},
year={2014},
issn={0360-1315},
}

@article{Ospennikova,
title = {Educational Robotics as an Inovative Educational Technology},
author = {Ospennikova, E.  and Ershov, M.  and Iljin, I.},
journal = {Procedia - Social and Behavioral Sciences},
volume = {214},
pages = {18 - 26},
year = {2015},
note = {Worldwide trends in the development of education and academic research, Sofia, Bulgaria, 15-18 June, 2015.},
issn = {1877-0428},
}

@article{Rogers,
author={Cejka,E. and Rogers, C. and Portsmore, M.},
year={2006},
title={Kindergarten robotics: Using robotics to motivate math, science, and engineering literacy in elementary school},
journal={International Journal of Engineering Education},
volume={22},
number={4},
pages={711-722},
note={Cited By :43},
url={www.scopus.com},
}

@article{Lupetti,
author={Lupetti, M. L. and Yao, Y. and Mi, H. and Germak, C.},
year={2017},
title={Design for children's playful learning with robots},
journal={Future Internet},
volume={9},
number={3},
url={www.scopus.com},
}

@review{Kunduracıoglu, 
journal = {Journal of Educational Technology and Online Learning}, 
issn = {2618-6586}, 
address = {Gürhan Durak}, 
year = {2018}, 
volume = {1}, 
pages = {28 - 46}, 
doi = {}, title = {Examining the Interface of Lego Mindstorms Ev3 Robot Programming}, 
key = {cite}, 
author = {Kunduracıoğlu, İsmail}, 
}


@inproceedings{Rogers2,
author={Rogers, C. and Portsmore, M.},
editor={ },
year={2004},
title= {Bringing Engineering to Elementary School},
booktitle={Journal of STEM Education : Innovations and Research; Auburn},
volume={5},
pages={17-28},
language={English},
url={https://search.proquest.com/docview/222795467?accountid=146818},
}

---OBS!
@INPROCEEDINGS{PAPERT, 
author={PAPERT, S.}, 
title={Torneio de Robótica: O que é?}, 
year={2017}, 
url={http://zoom.education/avaliacao/},
}

@Inbook{Miller,
author={Miller, D. P. and Nourbakhsh, I. R. and Siegwart, R.},
editor={Siciliano, Bruno and Khatib, Oussama},
title={Robots for Education},
bookTitle={Springer Handbook of Robotics},
year={2008},
publisher={Springer Berlin Heidelberg},
address={Berlin, Heidelberg},
pages={1283--1301},
isbn={978-3-540-30301-5},
doi={10.1007/978-3-540-30301-5_56},
url={https://doi.org/10.1007/978-3-540-30301-5_56},
}

@article{Blanchard,
title = {Strategies used by elementary schoolchildren solving robotics-based complex tasks: innovative potential of technology},
journal = {Procedia - Social and Behavioral Sciences},
volume = {2},
number = {2},
pages = {2851 - 2857},
year = {2010},
note = {Innovation and Creativity in Education},
issn = {1877-0428},
doi = {https://doi.org/10.1016/j.sbspro.2010.03.427},
url = {http://www.sciencedirect.com/science/article/pii/S1877042810004672},
author = {Blanchard, S.  and Freiman, V. and Lirrete-Pitre, N.},
}

@article{Chambers,
	author={Chambers, J.  and Carbonaro, M.  and Murray, H.},
	title={Developing conceptual understanding of mechanical advantage through the use of Lego robotic technology},
	journal={Australasian Journal of Educational Technology},
	volume={24},
	number={4},
	year={2008},
	keywords={},
	url={https://ajet.org.au/index.php/AJET/article/view/1199},
}

@INPROCEEDINGS{Cheng, 
author={Cheng, Y. W.  and Sun, P. C.  and Chen, N. S. }, 
booktitle={2017 IEEE 17th International Conference on Advanced Learning Technologies (ICALT)}, 
title={An Investigation of the Needs on Educational Robots}, 
year={2017}, 
pages={536-538}, 
doi={10.1109/ICALT.2017.115}, 
ISSN={}, 
month={July},
}

@electronic{First,
  title = {WHAT IS FIRST LEGO LEAGUE?},
  url = {https://es.fpdgi.org/proyectos/first-lego-league/?gclid=EAIaIQobChMI34ja4qLt2QIVi4ORCh3MagOREAAYASAAEgKipfD_BwE},
  year = {2018},
  author= {First LEGO League},
}

---- Trabalhos analisados --- 

@INPROCEEDINGS{E01, 
author={B. Strnad}, 
booktitle={2017 40th International Convention on Information and Communication Technology, Electronics and Microelectronics (MIPRO)}, 
title={Programming Lego Mindstorms for First Lego League Robot game and technical interview}, 
year={2017}, 
volume={}, 
number={}, 
pages={958-960}, 
keywords={educational robots;mobile robots;robot programming;First-Lego-League competition;Institute for the Promotion of Knowledge;Lego League robot game;Lego mindstorms programming;Slovenia;Super Glavce;autonomous robot programming;learning environment;multidisciplinary program;Floods;Games;Interviews;Programming;Robot sensing systems}, 
doi={10.23919/MIPRO.2017.7973562}, 
ISSN={}, 
month={May},
}

@inproceedings{E02,
author={Estrada, F. J.},
editor={ },
year={2017},
title={Practical robotics in computer science using the LEGO NXT},
booktitle={Annual Conference on Innovation and Technology in Computer Science Education, ITiCSE},
volume={Part F128680},
pages={329-334},
url={www.scopus.com},
}

@INPROCEEDINGS{E03, 
author={Beyers, R. N.  and Merwe, L. v. der }, 
booktitle={2017 Conference on Information Communication Technology and Society (ICTAS)}, 
title={Initiating a pipeline for the computer industry: Using scratch and LEGO robotics}, 
year={2017}, 
volume={}, 
number={}, 
pages={1-7}, 
keywords={DP industry;computer science education;programming;LEGO NXT units;LEGO Robotics;Scratch software;computer programming industry;Computers;Programming profession;Robots;Software;Training;Portable Apps;Scratch Software;career guidance;pseudo coding;robotics}, 
doi={10.1109/ICTAS.2017.7920646}, 
ISSN={}, 
month={March},
}

@ARTICLE{E04, 
author={Ãlvarez, I. J. B.}, 
journal={IEEE Revista Iberoamericana de Tecnologias del Aprendizaje}, 
title={Introduction to Robotics: Importance of a Summer Camp as a Recruiting Tool for Future University Students}, 
year={2017}, 
volume={12}, 
number={2}, 
pages={71-75}, 
keywords={educational institutions;robot programming;vocational training;Aguadilla campus;UPR-Aguadilla;University of Puerto Rico;high-school students;participating student enrollment;post-test surveys;pre-test surveys;robot programing;robotic summer camp;Engineering profession;Programming;Robot sensing systems;STEM;Service robots;Teamwork;STEM;algorithms;computing education;robotics education;student recruitment;summer camp}, 
doi={10.1109/RITA.2017.2697739}, 
ISSN={}, 
month={May},
}

@article{E05,
author={Gerber, L. C. and Calasanz-Kaiser, A. and Hyman, L. and Voitiuk, K. and Patil, U. and Riedel-Kruse, I. H.},
year={2017},
title={Liquid-handling Lego robots and experiments for STEM education and research},
journal={PLoS Biology},
volume={15},
number={3},
note={Cited By :1},
url={www.scopus.com},
}

@inproceedings{E06,
author={Chaudhary, V. and Agrawal, V. and Sureka, P. and Sureka, A.},
editor={ },
year={2017},
title={An Experience Report on Teaching Programming and Computational Thinking to Elementary Level Children Using Lego Robotics Education Kit},
booktitle={Proceedings - IEEE 8th International Conference on Technology for Education, T4E 2016},
pages={38-41},
url={www.scopus.com},
}

@inproceedings{E07,
author={Davrajh, S.  and Stopforth, R.},
editor={ },
year={2017},
title={Integrating Lego Mindstorms and developmental outcomes to address engineering education in previously disadvantaged secondary schools},
booktitle={2016 Pattern Recognition Association of South Africa and Robotics and Mechatronics International Conference, PRASA-RobMech 2016},
url={www.scopus.com},
}

@article{E08,
author={Ã–zÃ¼orÃ§un, N. Ã‡. and Bicen, H.},
year={2017},
title={Does the inclusion of robots affect engineering students' achievement in computer programming courses?},
journal={Eurasia Journal of Mathematics, Science and Technology Education},
volume={13},
number={8},
pages={4779-4787},
note={Cited By :1},
url={www.scopus.com},
}

@inproceedings{E09,
author={Navarrete, P. and Nettle, C. J. and Oliva, C. and Solis, M. A.},
editor={ },
year={2016},
title={Fostering Science and Technology Interest in Chilean Children with Educational Robot Kits},
booktitle={Proceedings - 13th Latin American Robotics Symposium and 4th Brazilian Symposium on Robotics, LARS/SBR 2016},
pages={121-126},
url={www.scopus.com},
}

@inproceedings{E10,
author={Dos Santos, O. L. and Cury, D. and Rafalski, J. and Silveira, P. D. N.},
editor={ },
year={2016},
title={An IoT computational robotics learning laboratory in Vila Velha, Espirito Santo},
booktitle={Proceedings - 2016 11th Latin American Conference on Learning Objects and Technology, LACLO 2016},
url={www.scopus.com},
}

@inproceedings{E11,
author={Wong, R. H. and Hsieh, S. },
editor={ },
year={2016},
title={MAKER: An entry-level robotic system design project for undergraduates and K12},
booktitle={ASEE Annual Conference and Exposition, Conference Proceedings},
volume={2016-June},
note={Cited By :1},
url={www.scopus.com},
}

@inproceedings{E12,
author={Frye, M. T. and Nair, S. C. and Meyer, A.},
editor={ },
year={2016},
title={Evaluation of miniGEMS 2015 - Engineering summer camp for middle school girls},
booktitle={ASEE Annual Conference and Exposition, Conference Proceedings},
volume={2016-June},
url={www.scopus.com},
}

@inproceedings{E13,
author={Perez, S. R. and Fatoum, A. and Abke, J.},
editor={ },
year={2016},
title={Development of an Eclipse plug-in for using the LEGO Mindstorms EV3 in education},
booktitle={IEEE Global Engineering Education Conference, EDUCON},
volume={10-13-April-2016},
pages={631-636},
url={www.scopus.com},
}

@inproceedings{E14,
author={Wang, W.},
editor={ },
year={2016},
title={A mini experiment of offering STEM education to several age groups through the use of robots},
booktitle={ISEC 2016 - Proceedings of the 6th IEEE Integrated STEM Education Conference},
pages={120-127},
note={Cited By :1},
url={www.scopus.com},
}

@inproceedings{E15,
author={Conchinha, C. and OsÃ³rio, P. and De Freitas, J. C.},
editor={ },
year={2016},
title={Playful learning: Educational robotics applied to students with learning disabilities},
booktitle={2015 International Symposium on Computers in Education, SIIE 2015},
pages={167-171},
url={www.scopus.com},
}

@inproceedings{E16,
author={Asinobi, O. and Allison, J. and McKinney, M. and Flynn, S. and Black, M. and Moore, A.},
editor={ },
year={2016},
title={Empirical findings: The use of robotics to engage the youth from lower socio-economic areas},
booktitle={International Symposium on Technology and Society, Proceedings},
volume={2016-March},
url={www.scopus.com},
}

@article{E17,
author={RodrÃ­guez, C. and Guzman, J. L. and Berenguel, M. and Dormido, S.},
year={2016},
title={Teaching real-time programming using mobile robots},
journal={IFAC-PapersOnLine},
volume={49},
number={6},
pages={10-15},
note={Cited By :1},
url={www.scopus.com},
}

@inproceedings{E18,
author={Merkouris, A. and Chorianopoulos, K.},
editor={ },
year={2015},
title={Introducing computer programming to children through robotic and wearable devices},
booktitle={ACM International Conference Proceeding Series},
volume={09-11-November-2015},
pages={69-72},
note={Cited By :2},
url={www.scopus.com},
}

@inproceedings{E19,
author={Perez, S. R. and Gold-Veerkamp, C. and Abke, J. and Borgeest, K.},
editor={ },
year={2015},
title={A new didactic method for programming in C for freshmen students using LEGO mindstorms EV3},
booktitle={Proceedings of 2015 International Conference on Interactive Collaborative Learning, ICL 2015},
pages={911-914},
note={Cited By :3},
url={www.scopus.com},
}

@inproceedings{E20,
author={Tuluri, F.},
editor={ },
year={2015},
title={Using robotics educational module as an interactive STEM learning platform},
booktitle={ISEC 2015 - 5th IEEE Integrated STEM Education Conference},
pages={16-20},
note={Cited By :2},
url={www.scopus.com},
}

@inproceedings{E21,
author={Barreto, V. B. and L'Erario, A. and Fabri, J. A.},
editor={ },
year={2015},
title={Teaching programming for high school students using the Lego Mindstorms robot},
booktitle={2015 10th Iberian Conference on Information Systems and Technologies, CISTI 2015},
url={www.scopus.com},
}

@inproceedings{E22,
author={Rao, A.},
editor={ },
year={2015},
title={The application of LeJOS, Lego Mindstorms Robotics, in an LMS environment to teach children Java programming and technology at an early age},
booktitle={ISEC 2015 - 5th IEEE Integrated STEM Education Conference},
pages={121-122},
note={Cited By :1},
url={www.scopus.com},
}

@inproceedings{E23,
  title={LegoÂ© Mindstorms: Merely a Toy or a Powerful Pedagogical Tool for Learning Computer Programming?},
  author={Chetty, J.},
  booktitle={ACSC},
  year={2015},
}

@inproceedings{E24,
author={Rothe, I.},
editor={ },
year={2015},
title={Work in progress: Starter-project for first semester students to survey their engineering studies},
booktitle={IEEE Global Engineering Education Conference, EDUCON},
volume={2015-April},
pages={1-4},
url={www.scopus.com},
}

@inproceedings{E25,
author={Usselman, M. and Ryan, M. and Rosen,J. H. and Koval, J. and Grossman,S. and Newsome, M. N. A. and Moreno, M. N.},
editor={ },
year={2015},
title={Robotics in the core science classroom: Benefits and challenges for curriculum development and implementation (RTP, Strand 4)},
booktitle={ASEE Annual Conference and Exposition, Conference Proceedings},
volume={122nd ASEE Annual Conference and Exposition: Making Value for Society},
chapter={122nd ASEE Annual Conference and Exposition: Making Value for Society},
note={Cited By :2},
url={www.scopus.com},
}

@inproceedings{E26,
author={Grandi, R. and Falconi, R. and Melchiorri, C.},
editor={ },
year={2014},
title={Robotic competitions: Teaching robotics and real-time programming with LEGO mindstorms},
booktitle={IFAC Proceedings Volumes (IFAC-PapersOnline)},
volume={19},
pages={10598-10603},
note={Cited By :2},
url={www.scopus.com},
}

@INPROCEEDINGS{E27, 
author={Ohnishi, Y.  and Mori, S.}, 
booktitle={Proceedings of the 2014 International Conference on Advanced Mechatronic Systems}, 
title={A practical report of programing experiment class for elementary school children}, 
year={2014}, 
volume={}, 
number={}, 
pages={291-294}, 
keywords={computer science education;control engineering computing;control engineering education;educational institutions;educational robots;robot programming;student experiments;LEGO mindstorms;elementary school children;programming experiment class;robot programming;robotics class;Educational institutions;Materials;Robot programming;Robot sensing systems;Elementary School;LEGO;Robot}, 
doi={10.1109/ICAMechS.2014.6911668}, 
ISSN={2325-0682}, 
month={Aug},
}

@inproceedings{E28,
author={Weissberger, I. and Qureshi, A. and Qureshi, A.},
editor={ },
year={2014},
title={Delivering software engineering education through LEGO robotics},
booktitle={Proceedings of the 9th International Conference on Computer Science and Education, ICCCSE 2014},
pages={169-176},
note={Cited By :1},
url={www.scopus.com},
}

@inproceedings{E29,
author={AlHumoud, S. and Al-Khalifa, H. S. and Al-Razgan, M. and Alfaries, A.},
editor={ },
year={2014},
title={Using App Inventor and LEGO mindstorm NXT in a summer camp to attract high school girls to computing fields},
booktitle={IEEE Global Engineering Education Conference, EDUCON},
pages={173-177},
note={Cited By :8},
url={www.scopus.com},
}

@INPROCEEDINGS{E30, 
author={Eteokleous, N.  and Ktoridou, D.}, 
booktitle={2014 IEEE Global Engineering Education Conference (EDUCON)}, 
title={Educational robotics as learning tools within the teaching and learning practice}, 
year={2014}, 
volume={}, 
number={}, 
pages={1055-1058}, 
keywords={educational aids;educational robots;teaching;classroom observations;data collection methods;educational robotics package Lego Mindstorms NXT;learning practice;learning process;learning tools;mindtool;student-centered environments;teaching;Computers;Educational institutions;Programming profession;Robot sensing systems;Educational Robotics;Lego Mindstorms NXT;higher educatiuon}, 
doi={10.1109/EDUCON.2014.6826237}, 
ISSN={2165-9559}, 
month={April},
}

@inproceedings{E31,
author={Kay, J. S. and Engelman, S. and Moss, J. G. and McKlin, T.},
editor={ },
year={2014},
title={Sneaking in through the back door: Introducing K-12 teachers to robot programming},
booktitle={SIGCSE 2014 - Proceedings of the 45th ACM Technical Symposium on Computer Science Education},
pages={499-504},
note={Cited By :7},
url={www.scopus.com},
}

@inproceedings{E32,
author={Ãlvarez, A. and LarraÃ±aga, M.},
editor={ },
year={2013},
title={Using LEGO mindstorms to engage students on algorithm design},
booktitle={Proceedings - Frontiers in Education Conference, FIE},
pages={1346-1351},
note={Cited By :8},
url={www.scopus.com},
}

@inproceedings{E33,
author={Arlegui, J. and Pina, A. and Moro, M.},
editor={ },
year={2013},
title={A PBL approach using virtual and real robots (with BYOB and LEGO NXT) to teaching learning key competences and standard curricula in Primary level},
booktitle={ACM International Conference Proceeding Series},
pages={323-328},
note={Cited By :3},
url={www.scopus.com},
}

@inproceedings{E34,
author={Gail, D. J. and Sally, J. S. and Tom, G. T. and Kuang-Ting, H.},
editor={ },
year={2013},
title={Novel program for engineering student retention},
booktitle={ASEE Annual Conference and Exposition, Conference Proceedings},
url={},
}

@inproceedings{E35,
author={Sala, A. L.},
editor={ },
year={2013},
title={Infusing mechatronics and robotics concepts in engineering curriculum},
booktitle={ASEE Annual Conference and Exposition, Conference Proceedings},
url={www.scopus.com},
}

@inproceedings{E36,
author={Imberman, S. P.  and Sturm, D.  and Azhar, M. Q. },
editor={ },
year={2014},
title={COMPUTATIONAL THINKING: EXPANDING THE TOOLKIT},
booktitle={Journal of Computing Sciences in Colleges},
url={www.scopus.com},
}


-----